% Base bibliográfica


@ONLINE{gnios,
  title         = {{GniOS -  Travel Excell Product Family}},
  year          = {2010},
  address       = {http://www.gnios.com/Products.html},
  urlaccessdate = {07 jan. 2012},
  author        = {GniOS},
  note          = {Disponível em http://www.gnios.com/Products.html [Acessado em 07/01/2012]}
}

@ONLINE{featurehouse,
  title         = {{FeatureHouse IDE}},
  year          = {2011},
  address       = {http://fosd.de/fh},
  urlaccessdate = {07 jan. 2012},
  author        = {Sven Apel},
  note          = {Disponível em http://fosd.de/fh [Acessado em 07/01/2012]}
}

@ONLINE{whatisandroid,
  title         = {{What is Android}},
  year          = {2012},
  address       = {http://developer.android.com/guide/basics/what-is-android.html},
  urlaccessdate = {07 jan. 2012},
  author        = {{Android Open Source Project}},
  note          = {Disponível em http://developer.android.com/guide/basics/what-is-android.html [Acessado em 07/01/2012]}
}

@ONLINE{activity,
  title         = {{Activities}},
  year          = {2012},
  address       = {http://developer.android.com/guide/topics/fundamentals/activities.html},
  urlaccessdate = {10 jan. 2012},
  author        = {{Android Open Source Project}},
  note          = {Disponível em http://developer.android.com/guide/topics/fundamentals/activities.html 
                    [Acessado em 10/01/2012]}
}

@ONLINE{activity_ref,
  title         = {{Activity}},
  year          = {2012},
  address       = {http://developer.android.com/reference/android/app/Activity.html},
  urlaccessdate = {14 jan. 2012},
  author        = {{Android Open Source Project}},
  note          = {Disponível em http://developer.android.com/reference/android/app/Activity.html 
                    [Acessado em 14/01/2012]}
}

@ONLINE{service,
  title         = {{Services}},
  year          = {2012},
  address       = {http://developer.android.com/guide/topics/fundamentals/services.html},
  urlaccessdate = {10 jan. 2012},
  author        = {{Android Open Source Project}},
  note          = {Disponível em http://developer.android.com/guide/topics/fundamentals/services.html 
                    [Acessado em 10/01/2012]}
}

@ONLINE{providers,
  title         = {{Content Providers}},
  year          = {2012},
  address       = {http://developer.android.com/guide/topics/providers/content-providers.html},
  urlaccessdate = {10 jan. 2012},
  author        = {{Android Open Source Project}},
  note          = {Disponível em http://developer.android.com/guide/topics/providers/content-providers.html 
                    [Acessado em 10/01/2012]}
}

@ONLINE{devmedia_ciclo_vida,
  title         = {{Entendendo o ciclo de vida de uma aplicação Android}},
  year          = {2011},
  address       = {http://www.devmedia.com.br/post-22922-Entendendo-o-ciclo-de-vida-de-uma-aplicacao-Android.html},
  urlaccessdate = {10 jan. 2012},
  author        = {DevMedia},
  note          = {Disponível em http://www.devmedia.com.br/post-22922-Entendendo-o-ciclo-de-vida-de-uma-aplicacao-Android.html 
                    [Acessado em 10/01/2012]}
}

@ONLINE{abp,
  title         = {{Projetos}},
  year          = {2011},
  address       = {http://www.androidbrasilprojetos.org/projetos-2/},
  urlaccessdate = {14 jan. 2012},
  author        = {Android Brasil Projetos},
  note          = {Disponível em http://www.androidbrasilprojetos.org/projetos-2/ 
                    [Acessado em 14/01/2012]}
}

@ONLINE{sup_multi_screens,
  title         = {{Supporting Multiple Screens}},
  year          = {2012},
  address       = {http://developer.android.com/guide/practices/screens_support.html},
  urlaccessdate = {14 jan. 2012},
  author        = {{Android Open Source Project}},
  note          = {Disponível em Supporting Multiple Screens
                    [Acessado em 14/01/2012]}
}

@ONLINE{platform_versions,
  title         = {{Platform Versions}},
  year          = {2012},
  address       = {http://developer.android.com/resources/dashboard/platform-versions.html},
  urlaccessdate = {14 jan. 2012},
  author        = {{Android Open Source Project}},
  note          = {Disponível em http://developer.android.com/resources/dashboard/platform-versions.html 
                [Acessado em 14/01/2012]}
}

@ONLINE{opengl_versions,
  title         = {{OpenGL ES Versions}},
  year          = {2012},
  address       = {http://developer.android.com/resources/dashboard/opengl.html},
  urlaccessdate = {14 jan. 2012},
  author        = {{Android Open Source Project}},
  note          = {Disponível em http://developer.android.com/resources/dashboard/opengl.html 
                [Acessado em 14/01/2012]}
}




@BOOK{Lecheta,
  title = {{Google Android: aprenda a criar aplicações para dispositivos
            móveis com o Android SDK}},
  publisher = {Novatec Editora},
  year = {2010},
  edition = 2,
  isbn = {978-85-7522-244-7},
  month = jun,
  address = {São Paulo},
  author = {Ricardo R. Lecheta},
}

@manual{previ_2020,
author      = {Tobias Oetiker and Hubert Partl and Irene Hyna and Elisabeth
               Schlegl},
title       = {Introdução ao \LaTeXe -- \LaTeX em 105 minutos},
year        = {2011},
note        = {[Acessado em 07/01/2012]}
}

@manual{minicurso,
author 		= {David Ricardo do Vale Pereira and Ricardo Wendell Rodrigues da
               Silveira},
title		= {Desenvolvendo textos científicos com \LaTeX},
year        = {2004}
}

@manual{beamer,
author 		= {Till Tantau},
title		= {User Guide to the Beamer Class, Version 3.07},
address     = {http://latex-beamer.sourceforge.net},
note        = {[Acessado em 02/09/2007]},
year        = {2007}
}

@manual{texbr,
author      = {Paulo Mafra and Pedro Kroeger and Rafael R. Obelheiro},
title		= {\TeX\ BR},
note		= {Site: http://www.tex-br.org;
               Lista de discussão: http://marc.info/?l=tex-br
               [Acessados em 02/09/2007]},
year		= {2006}
}
